@online{Q1,
  author = "TU Dortmund",
  title = "Versuchsanleitung zu Versuch Nr. V21 Optisches Pumpen.",
  urldate = "2018-12-05",
  url = "http://129.217.224.2/HOMEPAGE/PHYSIKER/BACHELOR/FP/SKRIPT/V21n_TeachSpin_new.pdf"
}
