@online{Q1,
  author = "TU Dortmund",
  title = "Versuchsanleitung zu Versuch Nr. V53 Mikrowellen auf Hohlleitern.",
  urldate = "2018-12-19",
  url = "http://129.217.224.2/HOMEPAGE/PHYSIKER/BACHELOR/FP/SKRIPT/AnlMikrowelle.pdf"
}
