@online{Q1,
  author = "TU Dortmund",
  title = "Versuchsanleitung zu Versuch Nr. V18 Der Reinst-Germanium-Detektor als Instrument der
Gamma-Spektroskopie.",
  urldate = "2018-11-14",
  url = "http://129.217.224.2/HOMEPAGE/PHYSIKER/BACHELOR/FP/SKRIPT/V18.pdf"
}

@online{Q2,
  author = "Uni Heidelberg",
  title = "Eigenschaften der RÃ¶ntgenstrahlen.",
  urldate = "2018-11-14",
  url = "https://www.umm.uni-heidelberg.de/inst/cbtm/ckm/lehre/physikalischegrundlagenderroentgen/physkl_grundl_roentgen_3.pdf"
}

@online{Q3,
author  = "IAEA -Nuclear Data Section",
title   = "Live Chart of Nuclides",
urldate = "2018-11-21",
url     = "https://www-nds.iaea.org/relnsd/vcharthtml/VChartHTML.html"
}

@online{Q4,
author  = "Physikalisch Technische Bundesanstalt",
title   = "Eigenschaften der Co-60-Strahlung",
urldate = "2018-12-03",
url     = "https://www.ptb.de/cms/ptb/fachabteilungen/abt6/fb-62/621-hochenergetische-photonen-und-elektronenstrahlung/gamma-bestrahlungsanlage/eigenschaften-der-co-60-strahlung.html"
}
